<record><leader>00000cas a22000007a 4500</leader><controlfield tag="001">5165132</controlfield><controlfield tag="008">790713d19771997mnuwr ne      0   a0eng d</controlfield><datafield ind1=" " ind2=" " tag="010"><subfield code="a">sn 79007335 </subfield></datafield><datafield ind1=" " ind2=" " tag="040"><subfield code="a">NSD</subfield><subfield code="b">eng</subfield><subfield code="c">NSD</subfield><subfield code="d">MUL</subfield><subfield code="d">NSD</subfield><subfield code="d">MN#</subfield><subfield code="d">NST</subfield><subfield code="d">MN#</subfield><subfield code="d">CNW</subfield><subfield code="d">EBZ</subfield><subfield code="d">OCLCQ</subfield><subfield code="d">OCLCF</subfield><subfield code="d">OCLCO</subfield></datafield><datafield ind1=" " ind2=" " tag="012"><subfield code="i">9101</subfield><subfield code="j">0</subfield><subfield code="l">1</subfield><subfield code="m">d</subfield></datafield><datafield ind1="1" ind2=" " tag="022"><subfield code="a">0193-2802</subfield><subfield code="l">0193-2802</subfield><subfield code="2">1</subfield></datafield><datafield ind1="1" ind2=" " tag="029"><subfield code="a">AU@</subfield><subfield code="b">000025818333</subfield></datafield><datafield ind1=" " ind2=" " tag="032"><subfield code="a">413630</subfield><subfield code="b">USPS</subfield></datafield><datafield ind1=" " ind2=" " tag="037"><subfield code="b">Twin Cities Reader, Inc., 5500 Wayzata Blvd., Minneapolis, MN 55416</subfield></datafield><datafield ind1=" " ind2=" " tag="042"><subfield code="a">nsdp</subfield><subfield code="a">msc</subfield></datafield><datafield ind1=" " ind2=" " tag="043"><subfield code="a">n-us-mn</subfield></datafield><datafield ind1=" " ind2=" " tag="052"><subfield code="a">4144</subfield><subfield code="b">T89</subfield></datafield><datafield ind1=" " ind2="0" tag="222"><subfield code="a">Twin Cities reader</subfield></datafield><datafield ind1="0" ind2="0" tag="245"><subfield code="a">Twin Cities reader.</subfield></datafield><datafield ind1=" " ind2=" " tag="260"><subfield code="a">Minneapolis [Minn.] :</subfield><subfield code="b">Metro College Pub.,</subfield><subfield code="c">1977-</subfield></datafield><datafield ind1=" " ind2=" " tag="300"><subfield code="a">v.</subfield></datafield><datafield ind1=" " ind2=" " tag="310"><subfield code="a">Weekly,</subfield><subfield code="b">Jan. 23, 1980-</subfield></datafield><datafield ind1=" " ind2=" " tag="321"><subfield code="a">Weekly,</subfield><subfield code="b">Jan. 14, 1977-&lt;Feb. 24, 1978&gt;</subfield></datafield><datafield ind1=" " ind2=" " tag="321"><subfield code="a">Weekly (except two weeks after Christmas),</subfield><subfield code="b">&lt;Mar. 17, 1978&gt;-Jan. 16, 1980</subfield></datafield><datafield ind1="0" ind2=" " tag="362"><subfield code="a">Vol. 2, issue 2 (Jan. 14, 1977)-</subfield></datafield><datafield ind1="1" ind2=" " tag="362"><subfield code="a">Ceased in Mar. 1997.</subfield></datafield><datafield ind1=" " ind2=" " tag="530"><subfield code="a">Available on microfilm from the Minnesota Historical Society, and: State Historical Society of Wisconsin.</subfield></datafield><datafield ind1=" " ind2="0" tag="651"><subfield code="a">Minneapolis Metropolitan Area (Minn.)</subfield><subfield code="v">Newspapers.</subfield></datafield><datafield ind1=" " ind2="0" tag="651"><subfield code="a">Saint Paul Metropolitan Area (Minn.)</subfield><subfield code="v">Newspapers.</subfield></datafield><datafield ind1=" " ind2="7" tag="655"><subfield code="a">Newspapers.</subfield><subfield code="2">fast</subfield><subfield code="0">(OCoLC)fst01423814</subfield></datafield><datafield ind1=" " ind2="7" tag="651"><subfield code="a">Minnesota</subfield><subfield code="z">Minneapolis Metropolitan Area.</subfield><subfield code="2">fast</subfield><subfield code="0">(OCoLC)fst01240174</subfield></datafield><datafield ind1=" " ind2="7" tag="651"><subfield code="a">Minnesota</subfield><subfield code="z">Saint Paul Metropolitan Area.</subfield><subfield code="2">fast</subfield><subfield code="0">(OCoLC)fst01242149</subfield></datafield><datafield ind1=" " ind2=" " tag="752"><subfield code="a">United States</subfield><subfield code="b">Minnesota</subfield><subfield code="c">Hennepin</subfield><subfield code="d">Minneapolis.</subfield></datafield><datafield ind1=" " ind2=" " tag="752"><subfield code="a">United States</subfield><subfield code="b">Minnesota</subfield><subfield code="c">Ramsey</subfield><subfield code="d">Saint Paul.</subfield></datafield><datafield ind1="1" ind2=" " tag="776"><subfield code="t">Twin Cities reader</subfield><subfield code="w">(OCoLC)7005633</subfield></datafield><datafield ind1="0" ind2="0" tag="780"><subfield code="t">Entertainer (Minneapolis, Minn.)</subfield><subfield code="w">(DLC)sn 90059883</subfield></datafield><datafield ind1=" " ind2=" " tag="850"><subfield code="a">MnU</subfield></datafield><datafield ind1=" " ind2=" " tag="936"><subfield code="a">Unknown</subfield><subfield code="a">Sept. 13-19, 1989</subfield></datafield></record>